
@misc{facebooksum,
  title = {Converting Your Profile Into a Facebook Page},
  howpublished = {https://www.facebook.com/help/175644189234902},
}

@misc{atoka,
  title = {Atoka - Lead Generation},
  howpublished = {https://atoka.io/},
}

@misc{spaziodati,
  title = {Spaziodati},
  howpublished = {http://spaziodati.eu/en/},
}

@misc{istat,
  title = {ISTAT},
  howpublished = {http://www3.istat.it/strumenti/definizioni/ateco/ateco.html?versione=2007.3\&codice=I-56},
}


% article
% Required fields: author, title, journal, year. 
% Optional fields: volume, number, pages, month, note.
@article{randomforestart,
  author = {Manuel Fernandez-Delgado, Eva Cernadas, Senen Barro},
  title = {Do we Need Hundreds of Classifiers to Solve Real World Classification Problems?},
  journal = {Journal of Machine Learning Research 15 (2014) 3133-3181},
  year = {2014}
  note = {http://jmlr.csail.mit.edu/papers/volume15/\\ delgado14a/delgado14a.pdf}
}

@misc{fbstats,
  title = {The Top 20 Valuable Facebook Statistics - Updated July 2016},
  howpublished = {https://zephoria.com/top-15-valuable-facebook-statistics/}
}

@misc{graphapi,
  title = {Facebook Graph Api},
  howpublished = {https://developers.facebook.com/docs/graph-api}
}

@misc{apipolices,
	title = {Facebook API polices},
	howpublished = {https://developers.facebook.com/policy\#thingstoknow}
}

@misc{realapilimit,
	title = {What is the real Facebook API limit?},
	howpublished = {http://stackoverflow.com/questions/8713241/whats-the-facebooks-graph-api-call-limit}
}

@misc{facepy,
	title = {Facepy Project - Github},
	howpublished = {https://github.com/jgorset/facepy}
}

@misc{wiki_elastic,
	title = {ElasticSearch - Wikipedia},
	howpublished = {https://en.wikipedia.org/wiki/Elasticsearch}
}


@misc{art_elastic,
	title = {Elasticsearch from the Bottom Up, Part 1},
	howpublished = {https://www.elastic.co/blog/found-elasticsearch-from-the-bottom-up}
}

@misc{azka,
	title = {Azkaban - Official Website},
	howpublished = {https://azkaban.github.io}
}

@article{rnd_src,
  author = {James Bergstra, Yoshua Bengio},
  title = {Random Search for Hyper-Parameter Optimization},
  journal = {Journal of Machine Learning Research 13 (2012) 281-305},
  year = {2012}
  note = {http://www.jmlr.org/papers/volume13/bergstra12a/bergstra12a.pdf}
}

@misc{crowdflw,
	title = {Crowdflower - Official Website},
	howpublished = {http://www.crowdflower.com/}
}


@misc{rf_test,
	title = {A Gentle Introduction to Random Forests, Ensembles, and Performance Metrics in a Commercial System},
	howpublished = {https://citizennet.com/blog/2012/11/10/random-forests-ensembles-and-performance-metrics/}
}

%



